@article{wildguardmix2024,
  title={WildGuardMix: A Large-Scale Multi-Task Dataset for Safety Moderation of LLMs},
  author={Han, Seungju and Rao, Kavel and Ettinger, Allyson and Jiang, Liwei and Lin, Bill Yuchen and Lambert, Nathan and Choi, Yejin and Dziri, Nouha},
  journal={arXiv preprint arXiv:2406.18495},
  year={2024},
  url={https://arxiv.org/abs/2406.18495}
}

@article{wildguard2024paper,
  title={WildGuard: Open One-stop Moderation Tools for Safety Risks, Jailbreaks, and Refusals of LLMs},
  author={Han, Seungju and Rao, Kavel and Ettinger, Allyson and Jiang, Liwei and Lin, Bill Yuchen and Lambert, Nathan and Choi, Yejin and Dziri, Nouha},
  journal={arXiv preprint arXiv:2406.18495},
  year={2024},
  url={https://arxiv.org/pdf/2406.18495}
}

@article{reimers2019sentencebert,
  title={Sentence-BERT: Sentence Embeddings using Siamese BERT-Networks},
  author={Reimers, Nils and Gurevych, Iryna},
  journal={arXiv preprint arXiv:1908.10084},
  year={2019},
  url={https://arxiv.org/pdf/1908.10084}
}

@inproceedings{ke2017lightgbm,
  title={LightGBM: A Highly Efficient Gradient Boosting Decision Tree},
  author={Ke, Guolin and Meng, Qi and Finley, Thomas and Wang, Taifeng and Chen, Wei and Ma, Weidong and Ye, Qiwei and Liu, Tie-Yan},
  booktitle={Proceedings of the 31st International Conference on Neural Information Processing Systems},
  pages={3149--3157},
  year={2017},
  url={https://papers.nips.cc/paper/2017/file/6449f44a102fde848669bdd9eb6b76fa-Paper.pdf}
}

@misc{llmguard2023github,
  title={LLM Guard: The Security Toolkit for LLM Interactions},
  author={Protect AI},
  year={2023},
  url={https://github.com/protectai/llm-guard}
}

}